% This file was created with JabRef 2.7b.
% Encoding: ISO8859_1

@ARTICLE{Hunter:2007,
  author = {Hunter, J. D.},
  title = {Matplotlib: A 2D graphics environment},
  journal = {Computing In Science \& Engineering},
  year = {2007},
  volume = {9},
  pages = {90--95},
  number = {3},
  owner = {ts3e11},
  publisher = {IEEE COMPUTER SOC},
  timestamp = {2014.11.20}
}

